<?xml version="1.0" encoding="UTF-8"?><collection xmlns="http://www.loc.gov/MARC21/slim"><record><leader>00350nam--2200145-i-4500</leader><controlfield tag="001">000017441</controlfield><controlfield tag="002">20161230</controlfield><controlfield tag="005">20170128002800</controlfield><controlfield tag="008">060222s1000------------r-----000-0-eng-d</controlfield><datafield ind1=" " ind2=" " tag="100"><subfield code="a">Neil, Robert</subfield></datafield><datafield ind1=" " ind2=" " tag="245"><subfield code="a">Shop job sheets in radio</subfield></datafield><datafield ind1=" " ind2=" " tag="260"><subfield code="a">The Macmillan Company</subfield><subfield code="c">1950</subfield></datafield><datafield ind1=" " ind2=" " tag="300"><subfield code="a">Ii-x, 128 p</subfield></datafield><datafield ind1=" " ind2=" " tag="852"><subfield code="a">1008</subfield></datafield><datafield ind1=" " ind2=" " tag="CAT"><subfield code="a">SYS</subfield><subfield code="c">20170128</subfield><subfield code="h">002800</subfield></datafield></record></collection>